<?xml version="1.0" encoding="UTF-8"?><collection xmlns="http://www.loc.gov/MARC21/slim"><record><leader>00516nam--2200181-i-4500</leader><controlfield tag="001">000033428</controlfield><controlfield tag="002">20161230</controlfield><controlfield tag="005">20161230201039</controlfield><controlfield tag="008">060222s1000------------r-----000-0-fre-d</controlfield><datafield ind1=" " ind2=" " tag="040"><subfield code="a">IFIN-HH</subfield></datafield><datafield ind1=" " ind2=" " tag="041"><subfield code="a">fre</subfield></datafield><datafield ind1=" " ind2=" " tag="080"><subfield code="a">537.525.5(043)</subfield></datafield><datafield ind1="1" ind2=" " tag="100"><subfield code="a">Marode, Emanuel Georges</subfield></datafield><datafield ind1="1" ind2="0" tag="245"><subfield code="a">La formation de l`arc entre une pointe positive et un plan</subfield><subfield code="b">These</subfield><subfield code="c">Emanuel georges marode</subfield></datafield><datafield ind1=" " ind2=" " tag="260"><subfield code="a">Paris-sud</subfield><subfield code="b">Universite De Paris-sud</subfield><subfield code="c">1972</subfield></datafield><datafield ind1=" " ind2=" " tag="300"><subfield code="a">303P</subfield></datafield><datafield ind1=" " ind2=" " tag="852"><subfield code="a">40327</subfield><subfield code="c">537.52</subfield></datafield><datafield ind1=" " ind2=" " tag="CAT"><subfield code="a">Sys</subfield><subfield code="c">20110804</subfield><subfield code="h">103305</subfield></datafield></record></collection>